@book{ref1,
  author = {Э., Абрамян М. and Шэнюй, Ли},
  title = {Электронный задачник по курсу «Операционные системы» / Современные информационные технологии: тенденции и перспективы развития. Материалы XXIX научной конференции},
  publisher = {Изд-во ЮФУ},
  date = {2022},
  pages = {22–24},
  language = {he},
  address = {Ростов н/Д, Таганрог}
}

@article{ref2,
  author = {Э, Абрамян М.},
  title = {Электронный задачник по параллельному программированию на базе интерфейса MPI стандарта 2.0 // Современные информационные технологии и ИТ-образование. 2017},
  volume = {13},
  pages = {91–104},
  language = {ru},
  journal = {Том},
  number = {4. С}
}

@book{ref3,
  title={Using MPI-2: advanced features of the message-passing interface},
  author={Gropp, William and Lusk, Ewing and Thakur, Rajeev},
  year={1999},
  publisher={MIT press}
}

@article{ref4,
  title={Optimization of collective communication operations in MPICH},
  author={Thakur, Rajeev and Rabenseifner, Rolf and Gropp, William},
  journal={The International Journal of High Performance Computing Applications},
  volume={19},
  number={1},
  pages={49--66},
  year={2005},
  publisher={SAGE Publications Sage UK: London, England}
}

@article{ref5,
  title={Mpi on millions of cores},
  author={Balaji, Pavan and Buntinas, Darius and Goodell, David and Gropp, William and Hoefler, Torsten and Kumar, Sameer and Lusk, Ewing and Mercier, Guillaume and Raffenetti, Ken and Thakur, Rajeev},
  journal={Parallel Processing Letters},
  volume={19},
  number={01},
  pages={45--60},
  year={2009},
  publisher={World Scientific}
}


@book{ref6,
  title={Using MPI: portable parallel programming with the message-passing interface},
  author={Gropp, William and Lusk, Ewing and Thakur, Rajeev},
  year={2006},
  publisher={MIT press}
}

@book{ref7,
  title={Using MPI: portable parallel programming with the message-passing interface},
  author={Gropp, William and Lusk, Ewing and Thakur, Rajeev},
  year={2006},
  publisher={MIT press}
}

@misc{ref8,
  title={How to compile MPI with gcc? - Stack Overflow},
  author={user1260391 and others},
  year={2012},
  howpublished={\url{https://stackoverflow.com/questions/11312719/how-to-compile-mpi-with-gcc}}
}

@manual{ref9,
  title={mpicc(1) man page (version 3.0.6) - Open MPI},
  organization={Open MPI Project},
  year={2020},
  howpublished={\url{https://www.open-mpi.org/doc/v3.0/man1/mpicc.1.php}}
}

@misc{ref10,
  title={Open MPI Tutorial - GitHub Pages},
  author={USC Research Computing},
  howpublished={\url{https://usc-rc.github.io/tutorials/open-mpi}}
}

@misc{ref11,
  title={Programming Taskbook - MPI1Proc},
  author={Э, Абрамян М.},
  howpublished={\url{https://ptaskbook.com/en/ptformpi2/mpi1proc.php}}
}

@misc{ref12,
  title={Programming Taskbook - MPI2Send},
  author={Э, Абрамян М.},
  howpublished={\url{https://ptaskbook.com/en/ptformpi2/mpi2send.php}}
}

@misc{ref13,
  title={Programming Taskbook - MPI3Coll},
  author={UЭ, Абрамян М.},
  howpublished={\url{https://ptaskbook.com/en/ptformpi2/mpi3coll.php}}
}

@misc{ref14,
  title={Programming Taskbook - MPI4Type},
  author={Э, Абрамян М.},
  howpublished={\url{https://ptaskbook.com/en/ptformpi2/mpi4type.php}}
}

@misc{ref15,
  title={Programming Taskbook - MPI5Comm},
  author={Э, Абрамян М.},
  howpublished={\url{https://ptaskbook.com/en/ptformpi2/mpi5comm.php}}
}

@book{ref18, 
  author = {Абрамян, М. Э.}, 
  title = {Инструменты и методы разработки электронных образовательных ресурсов по компьютерным наукам: монография}, 
  publisher = {Ростов н/Д, Таганрог: Изд-во ЮФУ}, 
  year = {2018}, 
  pages = {260} 
}

@article{ref19, 
  author = {Абрамян, М. Э.}, 
  title = {Об архитектуре универсального электронного задачника по программированию}, 
  journal = {Информатизация образования и науки}, 
  year = {2015}, 
  number = {3 (27)}, 
  pages = {134–150} 
}

@book{ref20,
  author = {Э., Абрамян М. and Шэнюй, Ли},
  title = {Электронный задачник по курсу «Операционные системы» / Современные информационные технологии: тенденции и перспективы развития. Материалы XXIX научной конференции},
  publisher = {Изд-во ЮФУ},
  date = {2022},
  pages = {9–11},
  language = {he},
  address = {Ростов н/Д, Таганрог}
}

@misc{cppreference,
  author = {Cppreference}, 
  title = {Filesystem library (since C++17)}, 
  year = {2021}, 
  url = {https://en.cppreference.com/w/cpp/filesystem}, 
  note = {[Online; accessed 6-April-2021]} 
}

